{"time": "2026-05-27T08:36:21.147385", "symbol": "BTCUSDT", "side": "BUY", "qty": 0.001, "price": 65000, "equity": 10000, "cash": 10000}
{"time": "2026-05-27T08:36:26.152552", "symbol": "BTCUSDT", "side": "BUY", "qty": 0.001, "price": 65000, "equity": 10000, "cash": 10000}
{"time": "2026-05-27T08:36:31.157833", "symbol": "BTCUSDT", "side": "BUY", "qty": 0.001, "price": 65000, "equity": 10000, "cash": 10000}
{"time": "2026-05-27T08:36:36.161653", "symbol": "BTCUSDT", "side": "BUY", "qty": 0.001, "price": 65000, "equity": 10000, "cash": 10000}
{"time": "2026-05-27T08:36:41.167037", "symbol": "BTCUSDT", "side": "BUY", "qty": 0.001, "price": 65000, "equity": 10000, "cash": 10000}
{"time": "2026-05-27T08:36:46.172296", "symbol": "BTCUSDT", "side": "BUY", "qty": 0.001, "price": 65000, "equity": 10000, "cash": 10000}
{"time": "2026-05-27T08:36:51.177572", "symbol": "BTCUSDT", "side": "BUY", "qty": 0.001, "price": 65000, "equity": 10000, "cash": 10000}
{"time": "2026-05-27T08:36:56.182831", "symbol": "BTCUSDT", "side": "BUY", "qty": 0.001, "price": 65000, "equity": 10000, "cash": 10000}
{"time": "2026-05-27T08:37:01.189670", "symbol": "BTCUSDT", "side": "BUY", "qty": 0.001, "price": 65000, "equity": 10000, "cash": 10000}
{"time": "2026-05-27T08:37:06.195579", "symbol": "BTCUSDT", "side": "BUY", "qty": 0.001, "price": 65000, "equity": 10000, "cash": 10000}
{"time": "2026-05-27T08:37:11.199776", "symbol": "BTCUSDT", "side": "BUY", "qty": 0.001, "price": 65000, "equity": 10000, "cash": 10000}
{"time": "2026-05-27T08:37:16.205056", "symbol": "BTCUSDT", "side": "BUY", "qty": 0.001, "price": 65000, "equity": 10000, "cash": 10000}
{"time": "2026-05-27T08:37:21.209755", "symbol": "BTCUSDT", "side": "BUY", "qty": 0.001, "price": 65000, "equity": 10000, "cash": 10000}
{"time": "2026-05-27T08:37:26.215012", "symbol": "BTCUSDT", "side": "BUY", "qty": 0.001, "price": 65000, "equity": 10000, "cash": 10000}
{"time": "2026-05-27T08:37:31.219806", "symbol": "BTCUSDT", "side": "BUY", "qty": 0.001, "price": 65000, "equity": 10000, "cash": 10000}
{"time": "2026-05-27T08:37:36.225081", "symbol": "BTCUSDT", "side": "BUY", "qty": 0.001, "price": 65000, "equity": 10000, "cash": 10000}
{"time": "2026-05-27T08:37:41.229807", "symbol": "BTCUSDT", "side": "BUY", "qty": 0.001, "price": 65000, "equity": 10000, "cash": 10000}
{"time": "2026-05-27T08:37:46.235093", "symbol": "BTCUSDT", "side": "BUY", "qty": 0.001, "price": 65000, "equity": 10000, "cash": 10000}
{"time": "2026-05-27T08:37:51.239765", "symbol": "BTCUSDT", "side": "BUY", "qty": 0.001, "price": 65000, "equity": 10000, "cash": 10000}
{"time": "2026-05-27T08:37:56.245039", "symbol": "BTCUSDT", "side": "BUY", "qty": 0.001, "price": 65000, "equity": 10000, "cash": 10000}
{"time": "2026-05-27T08:38:01.250074", "symbol": "BTCUSDT", "side": "BUY", "qty": 0.001, "price": 65000, "equity": 10000, "cash": 10000}
{"time": "2026-05-27T08:38:06.255374", "symbol": "BTCUSDT", "side": "BUY", "qty": 0.001, "price": 65000, "equity": 10000, "cash": 10000}
{"time": "2026-05-27T08:38:11.259775", "symbol": "BTCUSDT", "side": "BUY", "qty": 0.001, "price": 65000, "equity": 10000, "cash": 10000}
{"time": "2026-05-27T08:38:16.265041", "symbol": "BTCUSDT", "side": "BUY", "qty": 0.001, "price": 65000, "equity": 10000, "cash": 10000}
{"time": "2026-05-27T08:38:21.269768", "symbol": "BTCUSDT", "side": "BUY", "qty": 0.001, "price": 65000, "equity": 10000, "cash": 10000}
{"time": "2026-05-27T08:38:26.275056", "symbol": "BTCUSDT", "side": "BUY", "qty": 0.001, "price": 65000, "equity": 10000, "cash": 10000}
{"time": "2026-05-27T08:38:31.279771", "symbol": "BTCUSDT", "side": "BUY", "qty": 0.001, "price": 65000, "equity": 10000, "cash": 10000}
{"time": "2026-05-27T08:38:36.285041", "symbol": "BTCUSDT", "side": "BUY", "qty": 0.001, "price": 65000, "equity": 10000, "cash": 10000}
{"time": "2026-05-27T08:38:41.289889", "symbol": "BTCUSDT", "side": "BUY", "qty": 0.001, "price": 65000, "equity": 10000, "cash": 10000}
{"time": "2026-05-27T08:38:46.294504", "symbol": "BTCUSDT", "side": "BUY", "qty": 0.001, "price": 65000, "equity": 10000, "cash": 10000}
{"time": "2026-05-27T08:38:51.302203", "symbol": "BTCUSDT", "side": "BUY", "qty": 0.001, "price": 65000, "equity": 10000, "cash": 10000}
{"time": "2026-05-27T08:38:56.304194", "symbol": "BTCUSDT", "side": "BUY", "qty": 0.001, "price": 65000, "equity": 10000, "cash": 10000}
{"time": "2026-05-27T08:39:01.310185", "symbol": "BTCUSDT", "side": "BUY", "qty": 0.001, "price": 65000, "equity": 10000, "cash": 10000}
{"time": "2026-05-27T08:39:06.344483", "symbol": "BTCUSDT", "side": "BUY", "qty": 0.001, "price": 65000, "equity": 10000, "cash": 10000}
{"time": "2026-05-27T08:39:11.350718", "symbol": "BTCUSDT", "side": "BUY", "qty": 0.001, "price": 65000, "equity": 10000, "cash": 10000}
{"time": "2026-05-27T08:39:16.356857", "symbol": "BTCUSDT", "side": "BUY", "qty": 0.001, "price": 65000, "equity": 10000, "cash": 10000}
{"time": "2026-05-27T08:39:21.363038", "symbol": "BTCUSDT", "side": "BUY", "qty": 0.001, "price": 65000, "equity": 10000, "cash": 10000}
{"time": "2026-05-27T08:39:26.369176", "symbol": "BTCUSDT", "side": "BUY", "qty": 0.001, "price": 65000, "equity": 10000, "cash": 10000}
{"time": "2026-05-27T08:39:31.375388", "symbol": "BTCUSDT", "side": "BUY", "qty": 0.001, "price": 65000, "equity": 10000, "cash": 10000}
{"time": "2026-05-27T08:39:36.379876", "symbol": "BTCUSDT", "side": "BUY", "qty": 0.001, "price": 65000, "equity": 10000, "cash": 10000}
{"time": "2026-05-27T08:39:41.386051", "symbol": "BTCUSDT", "side": "BUY", "qty": 0.001, "price": 65000, "equity": 10000, "cash": 10000}
{"time": "2026-05-27T08:39:46.389867", "symbol": "BTCUSDT", "side": "BUY", "qty": 0.001, "price": 65000, "equity": 10000, "cash": 10000}
{"time": "2026-05-27T08:39:51.395994", "symbol": "BTCUSDT", "side": "BUY", "qty": 0.001, "price": 65000, "equity": 10000, "cash": 10000}
{"time": "2026-05-27T08:39:56.402297", "symbol": "BTCUSDT", "side": "BUY", "qty": 0.001, "price": 65000, "equity": 10000, "cash": 10000}
{"time": "2026-05-27T08:40:01.407572", "symbol": "BTCUSDT", "side": "BUY", "qty": 0.001, "price": 65000, "equity": 10000, "cash": 10000}
{"time": "2026-05-27T08:40:06.414153", "symbol": "BTCUSDT", "side": "BUY", "qty": 0.001, "price": 65000, "equity": 10000, "cash": 10000}
{"time": "2026-05-27T08:40:11.419883", "symbol": "BTCUSDT", "side": "BUY", "qty": 0.001, "price": 65000, "equity": 10000, "cash": 10000}
{"time": "2026-05-27T08:40:16.426117", "symbol": "BTCUSDT", "side": "BUY", "qty": 0.001, "price": 65000, "equity": 10000, "cash": 10000}
{"time": "2026-05-27T08:40:21.432628", "symbol": "BTCUSDT", "side": "BUY", "qty": 0.001, "price": 65000, "equity": 10000, "cash": 10000}
{"time": "2026-05-27T08:40:26.438902", "symbol": "BTCUSDT", "side": "BUY", "qty": 0.001, "price": 65000, "equity": 10000, "cash": 10000}
{"time": "2026-05-27T08:40:31.445139", "symbol": "BTCUSDT", "side": "BUY", "qty": 0.001, "price": 65000, "equity": 10000, "cash": 10000}
{"time": "2026-05-27T08:40:36.451494", "symbol": "BTCUSDT", "side": "BUY", "qty": 0.001, "price": 65000, "equity": 10000, "cash": 10000}
{"time": "2026-05-27T08:40:41.457666", "symbol": "BTCUSDT", "side": "BUY", "qty": 0.001, "price": 65000, "equity": 10000, "cash": 10000}
{"time": "2026-05-27T08:40:46.463657", "symbol": "BTCUSDT", "side": "BUY", "qty": 0.001, "price": 65000, "equity": 10000, "cash": 10000}
{"time": "2026-05-27T08:40:51.469849", "symbol": "BTCUSDT", "side": "BUY", "qty": 0.001, "price": 65000, "equity": 10000, "cash": 10000}
{"time": "2026-05-27T08:40:56.476329", "symbol": "BTCUSDT", "side": "BUY", "qty": 0.001, "price": 65000, "equity": 10000, "cash": 10000}
{"time": "2026-05-27T08:41:01.480280", "symbol": "BTCUSDT", "side": "BUY", "qty": 0.001, "price": 65000, "equity": 10000, "cash": 10000}
{"time": "2026-05-27T08:41:06.489426", "symbol": "BTCUSDT", "side": "BUY", "qty": 0.001, "price": 65000, "equity": 10000, "cash": 10000}
{"time": "2026-05-27T08:41:11.495895", "symbol": "BTCUSDT", "side": "BUY", "qty": 0.001, "price": 65000, "equity": 10000, "cash": 10000}
{"time": "2026-05-27T08:41:16.502149", "symbol": "BTCUSDT", "side": "BUY", "qty": 0.001, "price": 65000, "equity": 10000, "cash": 10000}
{"time": "2026-05-27T08:41:21.508350", "symbol": "BTCUSDT", "side": "BUY", "qty": 0.001, "price": 65000, "equity": 10000, "cash": 10000}
{"time": "2026-05-27T08:41:26.514830", "symbol": "BTCUSDT", "side": "BUY", "qty": 0.001, "price": 65000, "equity": 10000, "cash": 10000}
{"time": "2026-05-27T08:41:31.519860", "symbol": "BTCUSDT", "side": "BUY", "qty": 0.001, "price": 65000, "equity": 10000, "cash": 10000}
{"time": "2026-05-27T08:41:36.526080", "symbol": "BTCUSDT", "side": "BUY", "qty": 0.001, "price": 65000, "equity": 10000, "cash": 10000}
{"time": "2026-05-27T08:41:41.529864", "symbol": "BTCUSDT", "side": "BUY", "qty": 0.001, "price": 65000, "equity": 10000, "cash": 10000}
{"time": "2026-05-27T08:41:46.535962", "symbol": "BTCUSDT", "side": "BUY", "qty": 0.001, "price": 65000, "equity": 10000, "cash": 10000}
{"time": "2026-05-27T08:41:51.539866", "symbol": "BTCUSDT", "side": "BUY", "qty": 0.001, "price": 65000, "equity": 10000, "cash": 10000}
{"time": "2026-05-27T08:41:56.546166", "symbol": "BTCUSDT", "side": "BUY", "qty": 0.001, "price": 65000, "equity": 10000, "cash": 10000}
{"time": "2026-05-27T08:42:01.562967", "symbol": "BTCUSDT", "side": "BUY", "qty": 0.001, "price": 65000, "equity": 10000, "cash": 10000}
{"time": "2026-05-27T08:42:06.569886", "symbol": "BTCUSDT", "side": "BUY", "qty": 0.001, "price": 65000, "equity": 10000, "cash": 10000}
{"time": "2026-05-27T08:42:11.576203", "symbol": "BTCUSDT", "side": "BUY", "qty": 0.001, "price": 65000, "equity": 10000, "cash": 10000}
{"time": "2026-05-27T08:42:16.579925", "symbol": "BTCUSDT", "side": "BUY", "qty": 0.001, "price": 65000, "equity": 10000, "cash": 10000}
{"time": "2026-05-27T08:42:21.586210", "symbol": "BTCUSDT", "side": "BUY", "qty": 0.001, "price": 65000, "equity": 10000, "cash": 10000}
{"time": "2026-05-27T08:42:26.589876", "symbol": "BTCUSDT", "side": "BUY", "qty": 0.001, "price": 65000, "equity": 10000, "cash": 10000}
{"time": "2026-05-27T08:42:31.596189", "symbol": "BTCUSDT", "side": "BUY", "qty": 0.001, "price": 65000, "equity": 10000, "cash": 10000}
{"time": "2026-05-27T08:42:36.599855", "symbol": "BTCUSDT", "side": "BUY", "qty": 0.001, "price": 65000, "equity": 10000, "cash": 10000}
{"time": "2026-05-27T08:42:41.606052", "symbol": "BTCUSDT", "side": "BUY", "qty": 0.001, "price": 65000, "equity": 10000, "cash": 10000}
{"time": "2026-05-27T08:42:46.612332", "symbol": "BTCUSDT", "side": "BUY", "qty": 0.001, "price": 65000, "equity": 10000, "cash": 10000}
{"time": "2026-05-27T08:42:51.618702", "symbol": "BTCUSDT", "side": "BUY", "qty": 0.001, "price": 65000, "equity": 10000, "cash": 10000}
{"time": "2026-05-27T08:42:56.625014", "symbol": "BTCUSDT", "side": "BUY", "qty": 0.001, "price": 65000, "equity": 10000, "cash": 10000}
{"time": "2026-05-27T08:43:01.639004", "symbol": "BTCUSDT", "side": "BUY", "qty": 0.001, "price": 65000, "equity": 10000, "cash": 10000}
{"time": "2026-05-27T08:43:06.669894", "symbol": "BTCUSDT", "side": "BUY", "qty": 0.001, "price": 65000, "equity": 10000, "cash": 10000}
{"time": "2026-05-27T08:43:11.676304", "symbol": "BTCUSDT", "side": "BUY", "qty": 0.001, "price": 65000, "equity": 10000, "cash": 10000}
{"time": "2026-05-27T08:43:16.679879", "symbol": "BTCUSDT", "side": "BUY", "qty": 0.001, "price": 65000, "equity": 10000, "cash": 10000}
{"time": "2026-05-27T08:43:21.682224", "symbol": "BTCUSDT", "side": "BUY", "qty": 0.001, "price": 65000, "equity": 10000, "cash": 10000}
{"time": "2026-05-27T08:43:26.687497", "symbol": "BTCUSDT", "side": "BUY", "qty": 0.001, "price": 65000, "equity": 10000, "cash": 10000}
{"time": "2026-05-27T08:43:31.692776", "symbol": "BTCUSDT", "side": "BUY", "qty": 0.001, "price": 65000, "equity": 10000, "cash": 10000}
{"time": "2026-05-27T08:43:36.698048", "symbol": "BTCUSDT", "side": "BUY", "qty": 0.001, "price": 65000, "equity": 10000, "cash": 10000}
{"time": "2026-05-27T08:43:41.703315", "symbol": "BTCUSDT", "side": "BUY", "qty": 0.001, "price": 65000, "equity": 10000, "cash": 10000}
{"time": "2026-05-27T08:43:46.708583", "symbol": "BTCUSDT", "side": "BUY", "qty": 0.001, "price": 65000, "equity": 10000, "cash": 10000}
{"time": "2026-05-27T08:43:51.713865", "symbol": "BTCUSDT", "side": "BUY", "qty": 0.001, "price": 65000, "equity": 10000, "cash": 10000}
{"time": "2026-05-27T08:43:56.719124", "symbol": "BTCUSDT", "side": "BUY", "qty": 0.001, "price": 65000, "equity": 10000, "cash": 10000}
{"time": "2026-05-27T08:44:01.723833", "symbol": "BTCUSDT", "side": "BUY", "qty": 0.001, "price": 65000, "equity": 10000, "cash": 10000}
{"time": "2026-05-27T08:44:06.729183", "symbol": "BTCUSDT", "side": "BUY", "qty": 0.001, "price": 65000, "equity": 10000, "cash": 10000}
{"time": "2026-05-27T08:44:11.734458", "symbol": "BTCUSDT", "side": "BUY", "qty": 0.001, "price": 65000, "equity": 10000, "cash": 10000}
{"time": "2026-05-27T08:44:16.739786", "symbol": "BTCUSDT", "side": "BUY", "qty": 0.001, "price": 65000, "equity": 10000, "cash": 10000}
{"time": "2026-05-27T08:44:21.745055", "symbol": "BTCUSDT", "side": "BUY", "qty": 0.001, "price": 65000, "equity": 10000, "cash": 10000}
{"time": "2026-05-27T08:44:26.750359", "symbol": "BTCUSDT", "side": "BUY", "qty": 0.001, "price": 65000, "equity": 10000, "cash": 10000}
{"time": "2026-05-27T08:44:31.755637", "symbol": "BTCUSDT", "side": "BUY", "qty": 0.001, "price": 65000, "equity": 10000, "cash": 10000}
{"time": "2026-05-27T09:40:29.098968", "symbol": "BTCUSDT", "side": "BUY", "qty": 0.001, "price": 65000, "equity": 10000, "cash": 10000}
{"time": "2026-05-27T09:40:34.104147", "symbol": "BTCUSDT", "side": "BUY", "qty": 0.001, "price": 65000, "equity": 10000, "cash": 10000}
{"time": "2026-05-27T09:40:39.109423", "symbol": "BTCUSDT", "side": "BUY", "qty": 0.001, "price": 65000, "equity": 10000, "cash": 10000}
{"time": "2026-05-27T09:40:44.109777", "symbol": "BTCUSDT", "side": "BUY", "qty": 0.001, "price": 65000, "equity": 10000, "cash": 10000}
{"time": "2026-05-27T09:40:49.115038", "symbol": "BTCUSDT", "side": "BUY", "qty": 0.001, "price": 65000, "equity": 10000, "cash": 10000}
{"time": "2026-05-27T09:40:54.119790", "symbol": "BTCUSDT", "side": "BUY", "qty": 0.001, "price": 65000, "equity": 10000, "cash": 10000}
{"time": "2026-05-27T09:40:59.125071", "symbol": "BTCUSDT", "side": "BUY", "qty": 0.001, "price": 65000, "equity": 10000, "cash": 10000}
{"time": "2026-05-27T09:41:04.130345", "symbol": "BTCUSDT", "side": "BUY", "qty": 0.001, "price": 65000, "equity": 10000, "cash": 10000}
{"time": "2026-05-27T09:41:09.135618", "symbol": "BTCUSDT", "side": "BUY", "qty": 0.001, "price": 65000, "equity": 10000, "cash": 10000}
{"time": "2026-05-27T09:41:14.139814", "symbol": "BTCUSDT", "side": "BUY", "qty": 0.001, "price": 65000, "equity": 10000, "cash": 10000}
{"time": "2026-05-27T09:41:19.145094", "symbol": "BTCUSDT", "side": "BUY", "qty": 0.001, "price": 65000, "equity": 10000, "cash": 10000}
{"time": "2026-05-27T09:41:24.149791", "symbol": "BTCUSDT", "side": "BUY", "qty": 0.001, "price": 65000, "equity": 10000, "cash": 10000}
{"time": "2026-05-27T09:41:29.153822", "symbol": "BTCUSDT", "side": "BUY", "qty": 0.001, "price": 65000, "equity": 10000, "cash": 10000}
{"time": "2026-05-27T09:41:34.159091", "symbol": "BTCUSDT", "side": "BUY", "qty": 0.001, "price": 65000, "equity": 10000, "cash": 10000}
{"time": "2026-05-27T09:41:39.164368", "symbol": "BTCUSDT", "side": "BUY", "qty": 0.001, "price": 65000, "equity": 10000, "cash": 10000}
{"time": "2026-05-27T09:41:44.169651", "symbol": "BTCUSDT", "side": "BUY", "qty": 0.001, "price": 65000, "equity": 10000, "cash": 10000}
{"time": "2026-05-27T09:41:49.174986", "symbol": "BTCUSDT", "side": "BUY", "qty": 0.001, "price": 65000, "equity": 10000, "cash": 10000}
{"time": "2026-05-27T09:41:54.180273", "symbol": "BTCUSDT", "side": "BUY", "qty": 0.001, "price": 65000, "equity": 10000, "cash": 10000}
{"time": "2026-05-27T09:41:59.185535", "symbol": "BTCUSDT", "side": "BUY", "qty": 0.001, "price": 65000, "equity": 10000, "cash": 10000}
{"time": "2026-05-27T09:42:04.191676", "symbol": "BTCUSDT", "side": "BUY", "qty": 0.001, "price": 65000, "equity": 10000, "cash": 10000}
{"time": "2026-05-27T09:42:09.196970", "symbol": "BTCUSDT", "side": "BUY", "qty": 0.001, "price": 65000, "equity": 10000, "cash": 10000}
{"time": "2026-05-27T09:42:14.202261", "symbol": "BTCUSDT", "side": "BUY", "qty": 0.001, "price": 65000, "equity": 10000, "cash": 10000}
{"time": "2026-05-27T09:42:19.207491", "symbol": "BTCUSDT", "side": "BUY", "qty": 0.001, "price": 65000, "equity": 10000, "cash": 10000}
{"time": "2026-05-27T09:42:24.209760", "symbol": "BTCUSDT", "side": "BUY", "qty": 0.001, "price": 65000, "equity": 10000, "cash": 10000}
{"time": "2026-05-27T09:42:29.215034", "symbol": "BTCUSDT", "side": "BUY", "qty": 0.001, "price": 65000, "equity": 10000, "cash": 10000}
{"time": "2026-05-27T09:42:34.219771", "symbol": "BTCUSDT", "side": "BUY", "qty": 0.001, "price": 65000, "equity": 10000, "cash": 10000}
{"time": "2026-05-27T09:42:39.225031", "symbol": "BTCUSDT", "side": "BUY", "qty": 0.001, "price": 65000, "equity": 10000, "cash": 10000}
{"time": "2026-05-27T09:42:44.229765", "symbol": "BTCUSDT", "side": "BUY", "qty": 0.001, "price": 65000, "equity": 10000, "cash": 10000}
{"time": "2026-05-27T09:42:49.235052", "symbol": "BTCUSDT", "side": "BUY", "qty": 0.001, "price": 65000, "equity": 10000, "cash": 10000}
{"time": "2026-05-27T09:42:54.240337", "symbol": "BTCUSDT", "side": "BUY", "qty": 0.001, "price": 65000, "equity": 10000, "cash": 10000}
{"time": "2026-05-27T09:42:59.245609", "symbol": "BTCUSDT", "side": "BUY", "qty": 0.001, "price": 65000, "equity": 10000, "cash": 10000}
{"time": "2026-05-27T09:43:04.249787", "symbol": "BTCUSDT", "side": "BUY", "qty": 0.001, "price": 65000, "equity": 10000, "cash": 10000}
{"time": "2026-05-27T09:43:09.255066", "symbol": "BTCUSDT", "side": "BUY", "qty": 0.001, "price": 65000, "equity": 10000, "cash": 10000}
{"time": "2026-05-27T09:43:14.259771", "symbol": "BTCUSDT", "side": "BUY", "qty": 0.001, "price": 65000, "equity": 10000, "cash": 10000}
{"time": "2026-05-27T09:43:19.261511", "symbol": "BTCUSDT", "side": "BUY", "qty": 0.001, "price": 65000, "equity": 10000, "cash": 10000}
{"time": "2026-05-27T09:43:24.266816", "symbol": "BTCUSDT", "side": "BUY", "qty": 0.001, "price": 65000, "equity": 10000, "cash": 10000}
{"time": "2026-05-27T09:43:29.269800", "symbol": "BTCUSDT", "side": "BUY", "qty": 0.001, "price": 65000, "equity": 10000, "cash": 10000}
{"time": "2026-05-27T09:43:34.275072", "symbol": "BTCUSDT", "side": "BUY", "qty": 0.001, "price": 65000, "equity": 10000, "cash": 10000}
{"time": "2026-05-27T09:43:39.279796", "symbol": "BTCUSDT", "side": "BUY", "qty": 0.001, "price": 65000, "equity": 10000, "cash": 10000}
{"time": "2026-05-27T09:43:44.285106", "symbol": "BTCUSDT", "side": "BUY", "qty": 0.001, "price": 65000, "equity": 10000, "cash": 10000}
{"time": "2026-05-27T09:43:49.289777", "symbol": "BTCUSDT", "side": "BUY", "qty": 0.001, "price": 65000, "equity": 10000, "cash": 10000}
{"time": "2026-05-27T09:43:54.295041", "symbol": "BTCUSDT", "side": "BUY", "qty": 0.001, "price": 65000, "equity": 10000, "cash": 10000}
{"time": "2026-05-27T09:43:59.299768", "symbol": "BTCUSDT", "side": "BUY", "qty": 0.001, "price": 65000, "equity": 10000, "cash": 10000}
{"time": "2026-05-27T09:44:04.305037", "symbol": "BTCUSDT", "side": "BUY", "qty": 0.001, "price": 65000, "equity": 10000, "cash": 10000}
{"time": "2026-05-27T09:44:09.309816", "symbol": "BTCUSDT", "side": "BUY", "qty": 0.001, "price": 65000, "equity": 10000, "cash": 10000}
{"time": "2026-05-27T09:44:14.315131", "symbol": "BTCUSDT", "side": "BUY", "qty": 0.001, "price": 65000, "equity": 10000, "cash": 10000}
{"time": "2026-05-27T09:44:19.319808", "symbol": "BTCUSDT", "side": "BUY", "qty": 0.001, "price": 65000, "equity": 10000, "cash": 10000}
{"time": "2026-05-27T09:44:24.325094", "symbol": "BTCUSDT", "side": "BUY", "qty": 0.001, "price": 65000, "equity": 10000, "cash": 10000}
{"time": "2026-05-27T09:44:29.329813", "symbol": "BTCUSDT", "side": "BUY", "qty": 0.001, "price": 65000, "equity": 10000, "cash": 10000}
{"time": "2026-05-27T09:44:34.335086", "symbol": "BTCUSDT", "side": "BUY", "qty": 0.001, "price": 65000, "equity": 10000, "cash": 10000}
{"time": "2026-05-27T09:44:39.339770", "symbol": "BTCUSDT", "side": "BUY", "qty": 0.001, "price": 65000, "equity": 10000, "cash": 10000}
{"time": "2026-05-27T09:44:44.342350", "symbol": "BTCUSDT", "side": "BUY", "qty": 0.001, "price": 65000, "equity": 10000, "cash": 10000}
{"time": "2026-05-27T09:44:49.344460", "symbol": "BTCUSDT", "side": "BUY", "qty": 0.001, "price": 65000, "equity": 10000, "cash": 10000}
{"time": "2026-05-27T09:44:54.348809", "symbol": "BTCUSDT", "side": "BUY", "qty": 0.001, "price": 65000, "equity": 10000, "cash": 10000}
{"time": "2026-05-27T09:44:59.349763", "symbol": "BTCUSDT", "side": "BUY", "qty": 0.001, "price": 65000, "equity": 10000, "cash": 10000}
{"time": "2026-05-27T09:45:04.354687", "symbol": "BTCUSDT", "side": "BUY", "qty": 0.001, "price": 65000, "equity": 10000, "cash": 10000}
{"time": "2026-05-27T09:45:09.359755", "symbol": "BTCUSDT", "side": "BUY", "qty": 0.001, "price": 65000, "equity": 10000, "cash": 10000}
{"time": "2026-05-27T09:45:14.360571", "symbol": "BTCUSDT", "side": "BUY", "qty": 0.001, "price": 65000, "equity": 10000, "cash": 10000}
{"time": "2026-05-27T09:45:19.362956", "symbol": "BTCUSDT", "side": "BUY", "qty": 0.001, "price": 65000, "equity": 10000, "cash": 10000}
{"time": "2026-05-27T09:45:24.367514", "symbol": "BTCUSDT", "side": "BUY", "qty": 0.001, "price": 65000, "equity": 10000, "cash": 10000}
{"time": "2026-05-27T09:45:29.370004", "symbol": "BTCUSDT", "side": "BUY", "qty": 0.001, "price": 65000, "equity": 10000, "cash": 10000}
{"time": "2026-05-27T09:45:34.373579", "symbol": "BTCUSDT", "side": "BUY", "qty": 0.001, "price": 65000, "equity": 10000, "cash": 10000}
{"time": "2026-05-27T09:45:39.375317", "symbol": "BTCUSDT", "side": "BUY", "qty": 0.001, "price": 65000, "equity": 10000, "cash": 10000}
{"time": "2026-05-27T09:45:44.376800", "symbol": "BTCUSDT", "side": "BUY", "qty": 0.001, "price": 65000, "equity": 10000, "cash": 10000}
{"time": "2026-05-27T09:45:49.379771", "symbol": "BTCUSDT", "side": "BUY", "qty": 0.001, "price": 65000, "equity": 10000, "cash": 10000}
{"time": "2026-05-27T09:45:54.385036", "symbol": "BTCUSDT", "side": "BUY", "qty": 0.001, "price": 65000, "equity": 10000, "cash": 10000}
{"time": "2026-05-27T09:45:59.389764", "symbol": "BTCUSDT", "side": "BUY", "qty": 0.001, "price": 65000, "equity": 10000, "cash": 10000}
{"time": "2026-05-27T09:46:04.395027", "symbol": "BTCUSDT", "side": "BUY", "qty": 0.001, "price": 65000, "equity": 10000, "cash": 10000}
{"time": "2026-05-27T09:46:09.399782", "symbol": "BTCUSDT", "side": "BUY", "qty": 0.001, "price": 65000, "equity": 10000, "cash": 10000}
{"time": "2026-05-27T09:46:14.405056", "symbol": "BTCUSDT", "side": "BUY", "qty": 0.001, "price": 65000, "equity": 10000, "cash": 10000}
{"time": "2026-05-27T09:46:19.409799", "symbol": "BTCUSDT", "side": "BUY", "qty": 0.001, "price": 65000, "equity": 10000, "cash": 10000}
{"time": "2026-05-27T09:46:24.415066", "symbol": "BTCUSDT", "side": "BUY", "qty": 0.001, "price": 65000, "equity": 10000, "cash": 10000}
{"time": "2026-05-27T09:46:29.419787", "symbol": "BTCUSDT", "side": "BUY", "qty": 0.001, "price": 65000, "equity": 10000, "cash": 10000}
{"time": "2026-05-27T09:46:34.425046", "symbol": "BTCUSDT", "side": "BUY", "qty": 0.001, "price": 65000, "equity": 10000, "cash": 10000}
{"time": "2026-05-27T09:46:39.429771", "symbol": "BTCUSDT", "side": "BUY", "qty": 0.001, "price": 65000, "equity": 10000, "cash": 10000}
{"time": "2026-05-27T09:46:44.435031", "symbol": "BTCUSDT", "side": "BUY", "qty": 0.001, "price": 65000, "equity": 10000, "cash": 10000}
{"time": "2026-05-27T09:46:49.439804", "symbol": "BTCUSDT", "side": "BUY", "qty": 0.001, "price": 65000, "equity": 10000, "cash": 10000}
{"time": "2026-05-27T09:46:54.445090", "symbol": "BTCUSDT", "side": "BUY", "qty": 0.001, "price": 65000, "equity": 10000, "cash": 10000}
{"time": "2026-05-27T09:46:59.450371", "symbol": "BTCUSDT", "side": "BUY", "qty": 0.001, "price": 65000, "equity": 10000, "cash": 10000}
{"time": "2026-05-27T09:47:04.455644", "symbol": "BTCUSDT", "side": "BUY", "qty": 0.001, "price": 65000, "equity": 10000, "cash": 10000}
{"time": "2026-05-27T09:47:09.459772", "symbol": "BTCUSDT", "side": "BUY", "qty": 0.001, "price": 65000, "equity": 10000, "cash": 10000}
{"time": "2026-05-27T09:47:14.465055", "symbol": "BTCUSDT", "side": "BUY", "qty": 0.001, "price": 65000, "equity": 10000, "cash": 10000}
{"time": "2026-05-27T09:47:19.469775", "symbol": "BTCUSDT", "side": "BUY", "qty": 0.001, "price": 65000, "equity": 10000, "cash": 10000}
{"time": "2026-05-27T09:47:24.475028", "symbol": "BTCUSDT", "side": "BUY", "qty": 0.001, "price": 65000, "equity": 10000, "cash": 10000}
{"time": "2026-05-27T09:47:29.479762", "symbol": "BTCUSDT", "side": "BUY", "qty": 0.001, "price": 65000, "equity": 10000, "cash": 10000}
{"time": "2026-05-27T09:47:34.485049", "symbol": "BTCUSDT", "side": "BUY", "qty": 0.001, "price": 65000, "equity": 10000, "cash": 10000}
{"time": "2026-05-27T09:47:39.490320", "symbol": "BTCUSDT", "side": "BUY", "qty": 0.001, "price": 65000, "equity": 10000, "cash": 10000}
{"time": "2026-05-27T09:47:44.495597", "symbol": "BTCUSDT", "side": "BUY", "qty": 0.001, "price": 65000, "equity": 10000, "cash": 10000}
{"time": "2026-05-27T09:47:49.500870", "symbol": "BTCUSDT", "side": "BUY", "qty": 0.001, "price": 65000, "equity": 10000, "cash": 10000}
{"time": "2026-05-27T09:47:54.506144", "symbol": "BTCUSDT", "side": "BUY", "qty": 0.001, "price": 65000, "equity": 10000, "cash": 10000}
{"time": "2026-05-27T09:47:56.839655", "symbol": "BTCUSDT", "side": "BUY", "qty": 0.001, "price": 65000, "equity": 100000.0, "cash": 99935.0}
{"time": "2026-05-27T09:48:01.845634", "symbol": "BTCUSDT", "side": "BUY", "qty": 0.001, "price": 65000, "equity": 100000.0, "cash": 99870.0}
{"time": "2026-05-27T09:48:06.850922", "symbol": "BTCUSDT", "side": "BUY", "qty": 0.001, "price": 65000, "equity": 100000.0, "cash": 99805.0}
{"time": "2026-05-27T09:48:11.856182", "symbol": "BTCUSDT", "side": "BUY", "qty": 0.001, "price": 65000, "equity": 100000.0, "cash": 99740.0}
{"time": "2026-05-27T09:48:16.859776", "symbol": "BTCUSDT", "side": "BUY", "qty": 0.001, "price": 65000, "equity": 100000.0, "cash": 99675.0}
{"time": "2026-05-27T09:48:21.865030", "symbol": "BTCUSDT", "side": "BUY", "qty": 0.001, "price": 65000, "equity": 100000.0, "cash": 99610.0}
{"time": "2026-05-27T09:48:26.868201", "symbol": "BTCUSDT", "side": "BUY", "qty": 0.001, "price": 65000, "equity": 100000.0, "cash": 99545.0}
{"time": "2026-05-27T09:48:31.873525", "symbol": "BTCUSDT", "side": "BUY", "qty": 0.001, "price": 65000, "equity": 100000.0, "cash": 99480.0}
{"time": "2026-05-27T09:48:36.878821", "symbol": "BTCUSDT", "side": "BUY", "qty": 0.001, "price": 65000, "equity": 100000.0, "cash": 99415.0}
{"time": "2026-05-27T09:48:41.884107", "symbol": "BTCUSDT", "side": "BUY", "qty": 0.001, "price": 65000, "equity": 100000.0, "cash": 99350.0}
{"time": "2026-05-27T09:48:46.889394", "symbol": "BTCUSDT", "side": "BUY", "qty": 0.001, "price": 65000, "equity": 100000.0, "cash": 99285.0}
{"time": "2026-05-27T09:48:51.894697", "symbol": "BTCUSDT", "side": "BUY", "qty": 0.001, "price": 65000, "equity": 100000.0, "cash": 99220.0}
{"time": "2026-05-27T09:48:56.899800", "symbol": "BTCUSDT", "side": "BUY", "qty": 0.001, "price": 65000, "equity": 100000.0, "cash": 99155.0}
{"time": "2026-05-27T09:49:01.905095", "symbol": "BTCUSDT", "side": "BUY", "qty": 0.001, "price": 65000, "equity": 100000.0, "cash": 99090.0}
{"time": "2026-05-27T09:49:06.909774", "symbol": "BTCUSDT", "side": "BUY", "qty": 0.001, "price": 65000, "equity": 100000.0, "cash": 99025.0}
{"time": "2026-05-27T09:49:11.915075", "symbol": "BTCUSDT", "side": "BUY", "qty": 0.001, "price": 65000, "equity": 100000.0, "cash": 98960.0}
{"time": "2026-05-27T09:49:16.920368", "symbol": "BTCUSDT", "side": "BUY", "qty": 0.001, "price": 65000, "equity": 100000.0, "cash": 98895.0}
{"time": "2026-05-27T09:49:21.925690", "symbol": "BTCUSDT", "side": "BUY", "qty": 0.001, "price": 65000, "equity": 100000.0, "cash": 98830.0}
{"time": "2026-05-27T09:49:26.930962", "symbol": "BTCUSDT", "side": "BUY", "qty": 0.001, "price": 65000, "equity": 100000.0, "cash": 98765.0}
{"time": "2026-05-27T09:49:31.936247", "symbol": "BTCUSDT", "side": "BUY", "qty": 0.001, "price": 65000, "equity": 100000.0, "cash": 98700.0}
{"time": "2026-05-27T09:49:36.941552", "symbol": "BTCUSDT", "side": "BUY", "qty": 0.001, "price": 65000, "equity": 100000.0, "cash": 98635.0}
{"time": "2026-05-27T09:49:41.946838", "symbol": "BTCUSDT", "side": "BUY", "qty": 0.001, "price": 65000, "equity": 100000.0, "cash": 98570.0}
{"time": "2026-05-27T09:49:46.949790", "symbol": "BTCUSDT", "side": "BUY", "qty": 0.001, "price": 65000, "equity": 100000.0, "cash": 98505.0}
{"time": "2026-05-27T09:49:51.955038", "symbol": "BTCUSDT", "side": "BUY", "qty": 0.001, "price": 65000, "equity": 100000.0, "cash": 98440.0}
{"time": "2026-05-27T09:49:56.959787", "symbol": "BTCUSDT", "side": "BUY", "qty": 0.001, "price": 65000, "equity": 100000.0, "cash": 98375.0}
{"time": "2026-05-27T09:50:01.966063", "symbol": "BTCUSDT", "side": "BUY", "qty": 0.001, "price": 65000, "equity": 100000.0, "cash": 98310.0}
{"time": "2026-05-27T09:50:06.971342", "symbol": "BTCUSDT", "side": "BUY", "qty": 0.001, "price": 65000, "equity": 100000.0, "cash": 98245.0}
{"time": "2026-05-27T09:50:11.976684", "symbol": "BTCUSDT", "side": "BUY", "qty": 0.001, "price": 65000, "equity": 100000.0, "cash": 98180.0}
{"time": "2026-05-27T09:50:16.981989", "symbol": "BTCUSDT", "side": "BUY", "qty": 0.001, "price": 65000, "equity": 100000.0, "cash": 98115.0}
{"time": "2026-05-27T09:50:21.987315", "symbol": "BTCUSDT", "side": "BUY", "qty": 0.001, "price": 65000, "equity": 100000.0, "cash": 98050.0}
{"time": "2026-05-27T09:50:26.989794", "symbol": "BTCUSDT", "side": "BUY", "qty": 0.001, "price": 65000, "equity": 100000.0, "cash": 97985.0}
{"time": "2026-05-27T09:50:31.995071", "symbol": "BTCUSDT", "side": "BUY", "qty": 0.001, "price": 65000, "equity": 100000.0, "cash": 97920.0}
{"time": "2026-05-27T09:50:36.999773", "symbol": "BTCUSDT", "side": "BUY", "qty": 0.001, "price": 65000, "equity": 100000.0, "cash": 97855.0}
{"time": "2026-05-27T09:50:42.005064", "symbol": "BTCUSDT", "side": "BUY", "qty": 0.001, "price": 65000, "equity": 100000.0, "cash": 97790.0}
{"time": "2026-05-27T09:50:47.009774", "symbol": "BTCUSDT", "side": "BUY", "qty": 0.001, "price": 65000, "equity": 100000.0, "cash": 97725.0}
{"time": "2026-05-27T09:50:52.014739", "symbol": "BTCUSDT", "side": "BUY", "qty": 0.001, "price": 65000, "equity": 100000.0, "cash": 97660.0}
{"time": "2026-05-27T09:50:57.019784", "symbol": "BTCUSDT", "side": "BUY", "qty": 0.001, "price": 65000, "equity": 100000.0, "cash": 97595.0}
{"time": "2026-05-27T09:51:02.025068", "symbol": "BTCUSDT", "side": "BUY", "qty": 0.001, "price": 65000, "equity": 100000.0, "cash": 97530.0}
{"time": "2026-05-27T09:51:07.030331", "symbol": "BTCUSDT", "side": "BUY", "qty": 0.001, "price": 65000, "equity": 100000.0, "cash": 97465.0}
{"time": "2026-05-27T09:51:12.035603", "symbol": "BTCUSDT", "side": "BUY", "qty": 0.001, "price": 65000, "equity": 100000.0, "cash": 97400.0}
{"time": "2026-05-27T09:51:17.040895", "symbol": "BTCUSDT", "side": "BUY", "qty": 0.001, "price": 65000, "equity": 100000.0, "cash": 97335.0}
{"time": "2026-05-27T09:51:22.046169", "symbol": "BTCUSDT", "side": "BUY", "qty": 0.001, "price": 65000, "equity": 100000.0, "cash": 97270.0}
{"time": "2026-05-27T09:51:27.049779", "symbol": "BTCUSDT", "side": "BUY", "qty": 0.001, "price": 65000, "equity": 100000.0, "cash": 97205.0}
{"time": "2026-05-27T09:51:32.055050", "symbol": "BTCUSDT", "side": "BUY", "qty": 0.001, "price": 65000, "equity": 100000.0, "cash": 97140.0}
{"time": "2026-05-27T09:51:37.060321", "symbol": "BTCUSDT", "side": "BUY", "qty": 0.001, "price": 65000, "equity": 100000.0, "cash": 97075.0}
{"time": "2026-05-27T09:51:42.065601", "symbol": "BTCUSDT", "side": "BUY", "qty": 0.001, "price": 65000, "equity": 100000.0, "cash": 97010.0}
{"time": "2026-05-27T09:51:47.069790", "symbol": "BTCUSDT", "side": "BUY", "qty": 0.001, "price": 65000, "equity": 100000.0, "cash": 96945.0}
{"time": "2026-05-27T09:51:52.075074", "symbol": "BTCUSDT", "side": "BUY", "qty": 0.001, "price": 65000, "equity": 100000.0, "cash": 96880.0}
{"time": "2026-05-27T09:51:57.080333", "symbol": "BTCUSDT", "side": "BUY", "qty": 0.001, "price": 65000, "equity": 100000.0, "cash": 96815.0}
{"time": "2026-05-27T09:52:02.087030", "symbol": "BTCUSDT", "side": "BUY", "qty": 0.001, "price": 65000, "equity": 100000.0, "cash": 96750.0}
{"time": "2026-05-27T09:52:07.092349", "symbol": "BTCUSDT", "side": "BUY", "qty": 0.001, "price": 65000, "equity": 100000.0, "cash": 96685.0}
{"time": "2026-05-27T09:52:12.097199", "symbol": "BTCUSDT", "side": "BUY", "qty": 0.001, "price": 65000, "equity": 100000.0, "cash": 96620.0}
{"time": "2026-05-27T09:52:17.099792", "symbol": "BTCUSDT", "side": "BUY", "qty": 0.001, "price": 65000, "equity": 100000.0, "cash": 96555.0}
{"time": "2026-05-27T09:52:22.103041", "symbol": "BTCUSDT", "side": "BUY", "qty": 0.001, "price": 65000, "equity": 100000.0, "cash": 96490.0}
{"time": "2026-05-27T09:52:27.107108", "symbol": "BTCUSDT", "side": "BUY", "qty": 0.001, "price": 65000, "equity": 100000.0, "cash": 96425.0}
{"time": "2026-05-27T09:52:32.112314", "symbol": "BTCUSDT", "side": "BUY", "qty": 0.001, "price": 65000, "equity": 100000.0, "cash": 96360.0}
{"time": "2026-05-27T09:52:37.113806", "symbol": "BTCUSDT", "side": "BUY", "qty": 0.001, "price": 65000, "equity": 100000.0, "cash": 96295.0}
{"time": "2026-05-27T09:52:42.115931", "symbol": "BTCUSDT", "side": "BUY", "qty": 0.001, "price": 65000, "equity": 100000.0, "cash": 96230.0}
{"time": "2026-05-27T09:52:47.120501", "symbol": "BTCUSDT", "side": "BUY", "qty": 0.001, "price": 65000, "equity": 100000.0, "cash": 96165.0}
{"time": "2026-05-27T09:52:52.122826", "symbol": "BTCUSDT", "side": "BUY", "qty": 0.001, "price": 65000, "equity": 100000.0, "cash": 96100.0}
{"time": "2026-05-27T09:52:57.125547", "symbol": "BTCUSDT", "side": "BUY", "qty": 0.001, "price": 65000, "equity": 100000.0, "cash": 96035.0}
{"time": "2026-05-27T09:53:00.406780", "symbol": "BTCUSDT", "side": "BUY", "qty": 0.001, "price": 65000, "equity": 100000.0, "cash": 99935.0}
{"time": "2026-05-27T09:53:02.133072", "symbol": "BTCUSDT", "side": "BUY", "qty": 0.001, "price": 65000, "equity": 100000.0, "cash": 95970.0}
{"time": "2026-05-27T09:53:05.409772", "symbol": "BTCUSDT", "side": "BUY", "qty": 0.001, "price": 65000, "equity": 100000.0, "cash": 99870.0}
{"time": "2026-05-27T09:53:07.134214", "symbol": "BTCUSDT", "side": "BUY", "qty": 0.001, "price": 65000, "equity": 100000.0, "cash": 95905.0}
{"time": "2026-05-27T09:53:10.415067", "symbol": "BTCUSDT", "side": "BUY", "qty": 0.001, "price": 65000, "equity": 100000.0, "cash": 99805.0}
{"time": "2026-05-27T09:53:12.136883", "symbol": "BTCUSDT", "side": "BUY", "qty": 0.001, "price": 65000, "equity": 100000.0, "cash": 95840.0}
{"time": "2026-05-27T09:53:15.420348", "symbol": "BTCUSDT", "side": "BUY", "qty": 0.001, "price": 65000, "equity": 100000.0, "cash": 99740.0}
{"time": "2026-05-27T09:53:17.142190", "symbol": "BTCUSDT", "side": "BUY", "qty": 0.001, "price": 65000, "equity": 100000.0, "cash": 95775.0}
{"time": "2026-05-27T09:53:20.425622", "symbol": "BTCUSDT", "side": "BUY", "qty": 0.001, "price": 65000, "equity": 100000.0, "cash": 99675.0}
{"time": "2026-05-27T09:53:22.144589", "symbol": "BTCUSDT", "side": "BUY", "qty": 0.001, "price": 65000, "equity": 100000.0, "cash": 95710.0}
{"time": "2026-05-27T09:53:25.429779", "symbol": "BTCUSDT", "side": "BUY", "qty": 0.001, "price": 65000, "equity": 100000.0, "cash": 99610.0}
{"time": "2026-05-27T09:53:27.149783", "symbol": "BTCUSDT", "side": "BUY", "qty": 0.001, "price": 65000, "equity": 100000.0, "cash": 95645.0}
{"time": "2026-05-27T09:53:30.435049", "symbol": "BTCUSDT", "side": "BUY", "qty": 0.001, "price": 65000, "equity": 100000.0, "cash": 99545.0}
{"time": "2026-05-27T09:53:32.150425", "symbol": "BTCUSDT", "side": "BUY", "qty": 0.001, "price": 65000, "equity": 100000.0, "cash": 95580.0}
{"time": "2026-05-27T09:53:35.439774", "symbol": "BTCUSDT", "side": "BUY", "qty": 0.001, "price": 65000, "equity": 100000.0, "cash": 99480.0}
{"time": "2026-05-27T09:53:37.154682", "symbol": "BTCUSDT", "side": "BUY", "qty": 0.001, "price": 65000, "equity": 100000.0, "cash": 95515.0}
{"time": "2026-05-27T09:53:40.445051", "symbol": "BTCUSDT", "side": "BUY", "qty": 0.001, "price": 65000, "equity": 100000.0, "cash": 99415.0}
{"time": "2026-05-27T09:53:42.156393", "symbol": "BTCUSDT", "side": "BUY", "qty": 0.001, "price": 65000, "equity": 100000.0, "cash": 95450.0}
{"time": "2026-05-27T09:53:45.449769", "symbol": "BTCUSDT", "side": "BUY", "qty": 0.001, "price": 65000, "equity": 100000.0, "cash": 99350.0}
{"time": "2026-05-27T09:53:47.159781", "symbol": "BTCUSDT", "side": "BUY", "qty": 0.001, "price": 65000, "equity": 100000.0, "cash": 95385.0}
{"time": "2026-05-27T09:53:50.455045", "symbol": "BTCUSDT", "side": "BUY", "qty": 0.001, "price": 65000, "equity": 100000.0, "cash": 99285.0}
{"time": "2026-05-27T09:53:52.165092", "symbol": "BTCUSDT", "side": "BUY", "qty": 0.001, "price": 65000, "equity": 100000.0, "cash": 95320.0}
{"time": "2026-05-27T09:53:55.459790", "symbol": "BTCUSDT", "side": "BUY", "qty": 0.001, "price": 65000, "equity": 100000.0, "cash": 99220.0}
{"time": "2026-05-27T09:53:57.169772", "symbol": "BTCUSDT", "side": "BUY", "qty": 0.001, "price": 65000, "equity": 100000.0, "cash": 95255.0}
{"time": "2026-05-27T09:54:00.465074", "symbol": "BTCUSDT", "side": "BUY", "qty": 0.001, "price": 65000, "equity": 100000.0, "cash": 99155.0}
{"time": "2026-05-27T09:54:02.175588", "symbol": "BTCUSDT", "side": "BUY", "qty": 0.001, "price": 65000, "equity": 100000.0, "cash": 95190.0}
{"time": "2026-05-27T09:54:05.469786", "symbol": "BTCUSDT", "side": "BUY", "qty": 0.001, "price": 65000, "equity": 100000.0, "cash": 99090.0}
{"time": "2026-05-27T09:54:07.179774", "symbol": "BTCUSDT", "side": "BUY", "qty": 0.001, "price": 65000, "equity": 100000.0, "cash": 95125.0}
{"time": "2026-05-27T09:54:10.475044", "symbol": "BTCUSDT", "side": "BUY", "qty": 0.001, "price": 65000, "equity": 100000.0, "cash": 99025.0}
{"time": "2026-05-27T09:54:12.184618", "symbol": "BTCUSDT", "side": "BUY", "qty": 0.001, "price": 65000, "equity": 100000.0, "cash": 95060.0}
{"time": "2026-05-27T09:54:15.479767", "symbol": "BTCUSDT", "side": "BUY", "qty": 0.001, "price": 65000, "equity": 100000.0, "cash": 98960.0}
{"time": "2026-05-27T09:54:17.189890", "symbol": "BTCUSDT", "side": "BUY", "qty": 0.001, "price": 65000, "equity": 100000.0, "cash": 94995.0}
{"time": "2026-05-27T09:54:20.485037", "symbol": "BTCUSDT", "side": "BUY", "qty": 0.001, "price": 65000, "equity": 100000.0, "cash": 98895.0}
{"time": "2026-05-27T09:54:22.195154", "symbol": "BTCUSDT", "side": "BUY", "qty": 0.001, "price": 65000, "equity": 100000.0, "cash": 94930.0}
{"time": "2026-05-27T09:54:25.489773", "symbol": "BTCUSDT", "side": "BUY", "qty": 0.001, "price": 65000, "equity": 100000.0, "cash": 98830.0}
{"time": "2026-05-27T09:54:27.200423", "symbol": "BTCUSDT", "side": "BUY", "qty": 0.001, "price": 65000, "equity": 100000.0, "cash": 94865.0}
{"time": "2026-05-27T09:54:30.495045", "symbol": "BTCUSDT", "side": "BUY", "qty": 0.001, "price": 65000, "equity": 100000.0, "cash": 98765.0}
{"time": "2026-05-27T09:54:32.205744", "symbol": "BTCUSDT", "side": "BUY", "qty": 0.001, "price": 65000, "equity": 100000.0, "cash": 94800.0}
{"time": "2026-05-27T09:54:35.500322", "symbol": "BTCUSDT", "side": "BUY", "qty": 0.001, "price": 65000, "equity": 100000.0, "cash": 98700.0}
{"time": "2026-05-27T09:54:37.209779", "symbol": "BTCUSDT", "side": "BUY", "qty": 0.001, "price": 65000, "equity": 100000.0, "cash": 94735.0}
{"time": "2026-05-27T09:54:40.505597", "symbol": "BTCUSDT", "side": "BUY", "qty": 0.001, "price": 65000, "equity": 100000.0, "cash": 98635.0}
{"time": "2026-05-27T09:54:42.215060", "symbol": "BTCUSDT", "side": "BUY", "qty": 0.001, "price": 65000, "equity": 100000.0, "cash": 94670.0}
{"time": "2026-05-27T09:54:45.509791", "symbol": "BTCUSDT", "side": "BUY", "qty": 0.001, "price": 65000, "equity": 100000.0, "cash": 98570.0}
{"time": "2026-05-27T09:54:47.219778", "symbol": "BTCUSDT", "side": "BUY", "qty": 0.001, "price": 65000, "equity": 100000.0, "cash": 94605.0}
{"time": "2026-05-27T09:54:50.515070", "symbol": "BTCUSDT", "side": "BUY", "qty": 0.001, "price": 65000, "equity": 100000.0, "cash": 98505.0}
{"time": "2026-05-27T09:54:52.225057", "symbol": "BTCUSDT", "side": "BUY", "qty": 0.001, "price": 65000, "equity": 100000.0, "cash": 94540.0}
{"time": "2026-05-27T09:54:55.520296", "symbol": "BTCUSDT", "side": "BUY", "qty": 0.001, "price": 65000, "equity": 100000.0, "cash": 98440.0}
{"time": "2026-05-27T09:54:57.229799", "symbol": "BTCUSDT", "side": "BUY", "qty": 0.001, "price": 65000, "equity": 100000.0, "cash": 94475.0}
{"time": "2026-05-27T09:55:00.525580", "symbol": "BTCUSDT", "side": "BUY", "qty": 0.001, "price": 65000, "equity": 100000.0, "cash": 98375.0}
{"time": "2026-05-27T09:55:02.235130", "symbol": "BTCUSDT", "side": "BUY", "qty": 0.001, "price": 65000, "equity": 100000.0, "cash": 94410.0}
{"time": "2026-05-27T09:55:05.529791", "symbol": "BTCUSDT", "side": "BUY", "qty": 0.001, "price": 65000, "equity": 100000.0, "cash": 98310.0}
{"time": "2026-05-27T09:55:07.239783", "symbol": "BTCUSDT", "side": "BUY", "qty": 0.001, "price": 65000, "equity": 100000.0, "cash": 94345.0}
{"time": "2026-05-27T09:55:10.535064", "symbol": "BTCUSDT", "side": "BUY", "qty": 0.001, "price": 65000, "equity": 100000.0, "cash": 98245.0}
{"time": "2026-05-27T09:55:12.245126", "symbol": "BTCUSDT", "side": "BUY", "qty": 0.001, "price": 65000, "equity": 100000.0, "cash": 94280.0}
{"time": "2026-05-27T09:55:15.539782", "symbol": "BTCUSDT", "side": "BUY", "qty": 0.001, "price": 65000, "equity": 100000.0, "cash": 98180.0}
{"time": "2026-05-27T09:55:17.249815", "symbol": "BTCUSDT", "side": "BUY", "qty": 0.001, "price": 65000, "equity": 100000.0, "cash": 94215.0}
{"time": "2026-05-27T09:55:20.543944", "symbol": "BTCUSDT", "side": "BUY", "qty": 0.001, "price": 65000, "equity": 100000.0, "cash": 98115.0}
{"time": "2026-05-27T09:55:22.255105", "symbol": "BTCUSDT", "side": "BUY", "qty": 0.001, "price": 65000, "equity": 100000.0, "cash": 94150.0}
{"time": "2026-05-27T09:55:25.547120", "symbol": "BTCUSDT", "side": "BUY", "qty": 0.001, "price": 65000, "equity": 100000.0, "cash": 98050.0}
{"time": "2026-05-27T09:55:27.260385", "symbol": "BTCUSDT", "side": "BUY", "qty": 0.001, "price": 65000, "equity": 100000.0, "cash": 94085.0}
{"time": "2026-05-27T09:55:30.549782", "symbol": "BTCUSDT", "side": "BUY", "qty": 0.001, "price": 65000, "equity": 100000.0, "cash": 97985.0}
{"time": "2026-05-27T09:55:32.265655", "symbol": "BTCUSDT", "side": "BUY", "qty": 0.001, "price": 65000, "equity": 100000.0, "cash": 94020.0}
{"time": "2026-05-27T09:55:35.554298", "symbol": "BTCUSDT", "side": "BUY", "qty": 0.001, "price": 65000, "equity": 100000.0, "cash": 97920.0}
{"time": "2026-05-27T09:55:37.270936", "symbol": "BTCUSDT", "side": "BUY", "qty": 0.001, "price": 65000, "equity": 100000.0, "cash": 93955.0}
{"time": "2026-05-27T09:55:40.559579", "symbol": "BTCUSDT", "side": "BUY", "qty": 0.001, "price": 65000, "equity": 100000.0, "cash": 97855.0}
{"time": "2026-05-27T09:55:42.276217", "symbol": "BTCUSDT", "side": "BUY", "qty": 0.001, "price": 65000, "equity": 100000.0, "cash": 93890.0}
{"time": "2026-05-27T09:55:45.564904", "symbol": "BTCUSDT", "side": "BUY", "qty": 0.001, "price": 65000, "equity": 100000.0, "cash": 97790.0}
{"time": "2026-05-27T09:55:47.281483", "symbol": "BTCUSDT", "side": "BUY", "qty": 0.001, "price": 65000, "equity": 100000.0, "cash": 93825.0}
{"time": "2026-05-27T09:55:50.569816", "symbol": "BTCUSDT", "side": "BUY", "qty": 0.001, "price": 65000, "equity": 100000.0, "cash": 97725.0}
{"time": "2026-05-27T09:55:52.286785", "symbol": "BTCUSDT", "side": "BUY", "qty": 0.001, "price": 65000, "equity": 100000.0, "cash": 93760.0}
{"time": "2026-05-27T09:55:55.574550", "symbol": "BTCUSDT", "side": "BUY", "qty": 0.001, "price": 65000, "equity": 100000.0, "cash": 97660.0}
{"time": "2026-05-27T09:55:57.289803", "symbol": "BTCUSDT", "side": "BUY", "qty": 0.001, "price": 65000, "equity": 100000.0, "cash": 93695.0}
{"time": "2026-05-27T09:56:00.579772", "symbol": "BTCUSDT", "side": "BUY", "qty": 0.001, "price": 65000, "equity": 100000.0, "cash": 97595.0}
{"time": "2026-05-27T09:56:02.290563", "symbol": "BTCUSDT", "side": "BUY", "qty": 0.001, "price": 65000, "equity": 100000.0, "cash": 93630.0}
{"time": "2026-05-27T09:56:05.580363", "symbol": "BTCUSDT", "side": "BUY", "qty": 0.001, "price": 65000, "equity": 100000.0, "cash": 97530.0}
{"time": "2026-05-27T09:56:07.296624", "symbol": "BTCUSDT", "side": "BUY", "qty": 0.001, "price": 65000, "equity": 100000.0, "cash": 93565.0}
{"time": "2026-05-27T09:56:10.583922", "symbol": "BTCUSDT", "side": "BUY", "qty": 0.001, "price": 65000, "equity": 100000.0, "cash": 97465.0}
{"time": "2026-05-27T09:56:12.299781", "symbol": "BTCUSDT", "side": "BUY", "qty": 0.001, "price": 65000, "equity": 100000.0, "cash": 93500.0}
{"time": "2026-05-27T09:56:15.586562", "symbol": "BTCUSDT", "side": "BUY", "qty": 0.001, "price": 65000, "equity": 100000.0, "cash": 97400.0}
{"time": "2026-05-27T09:56:17.305055", "symbol": "BTCUSDT", "side": "BUY", "qty": 0.001, "price": 65000, "equity": 100000.0, "cash": 93435.0}
{"time": "2026-05-27T09:56:20.590164", "symbol": "BTCUSDT", "side": "BUY", "qty": 0.001, "price": 65000, "equity": 100000.0, "cash": 97335.0}
{"time": "2026-05-27T09:56:22.310322", "symbol": "BTCUSDT", "side": "BUY", "qty": 0.001, "price": 65000, "equity": 100000.0, "cash": 93370.0}
{"time": "2026-05-27T09:56:25.593738", "symbol": "BTCUSDT", "side": "BUY", "qty": 0.001, "price": 65000, "equity": 100000.0, "cash": 97270.0}
{"time": "2026-05-27T09:56:27.315591", "symbol": "BTCUSDT", "side": "BUY", "qty": 0.001, "price": 65000, "equity": 100000.0, "cash": 93305.0}
{"time": "2026-05-27T09:56:30.596607", "symbol": "BTCUSDT", "side": "BUY", "qty": 0.001, "price": 65000, "equity": 100000.0, "cash": 97205.0}
{"time": "2026-05-27T09:56:32.320890", "symbol": "BTCUSDT", "side": "BUY", "qty": 0.001, "price": 65000, "equity": 100000.0, "cash": 93240.0}
{"time": "2026-05-27T09:56:35.597865", "symbol": "BTCUSDT", "side": "BUY", "qty": 0.001, "price": 65000, "equity": 100000.0, "cash": 97140.0}
{"time": "2026-05-27T09:56:37.326168", "symbol": "BTCUSDT", "side": "BUY", "qty": 0.001, "price": 65000, "equity": 100000.0, "cash": 93175.0}
{"time": "2026-05-27T09:56:40.601520", "symbol": "BTCUSDT", "side": "BUY", "qty": 0.001, "price": 65000, "equity": 100000.0, "cash": 97075.0}
{"time": "2026-05-27T09:56:42.329785", "symbol": "BTCUSDT", "side": "BUY", "qty": 0.001, "price": 65000, "equity": 100000.0, "cash": 93110.0}
{"time": "2026-05-27T09:56:45.606844", "symbol": "BTCUSDT", "side": "BUY", "qty": 0.001, "price": 65000, "equity": 100000.0, "cash": 97010.0}
{"time": "2026-05-27T09:56:47.335062", "symbol": "BTCUSDT", "side": "BUY", "qty": 0.001, "price": 65000, "equity": 100000.0, "cash": 93045.0}
{"time": "2026-05-27T09:56:50.609785", "symbol": "BTCUSDT", "side": "BUY", "qty": 0.001, "price": 65000, "equity": 100000.0, "cash": 96945.0}
{"time": "2026-05-27T09:56:52.339802", "symbol": "BTCUSDT", "side": "BUY", "qty": 0.001, "price": 65000, "equity": 100000.0, "cash": 92980.0}
{"time": "2026-05-27T09:56:55.611639", "symbol": "BTCUSDT", "side": "BUY", "qty": 0.001, "price": 65000, "equity": 100000.0, "cash": 96880.0}
{"time": "2026-05-27T09:56:57.345075", "symbol": "BTCUSDT", "side": "BUY", "qty": 0.001, "price": 65000, "equity": 100000.0, "cash": 92915.0}
{"time": "2026-05-27T09:57:00.613867", "symbol": "BTCUSDT", "side": "BUY", "qty": 0.001, "price": 65000, "equity": 100000.0, "cash": 96815.0}
{"time": "2026-05-27T09:57:02.350408", "symbol": "BTCUSDT", "side": "BUY", "qty": 0.001, "price": 65000, "equity": 100000.0, "cash": 92850.0}
{"time": "2026-05-27T09:57:05.617206", "symbol": "BTCUSDT", "side": "BUY", "qty": 0.001, "price": 65000, "equity": 100000.0, "cash": 96750.0}
{"time": "2026-05-27T09:57:07.355751", "symbol": "BTCUSDT", "side": "BUY", "qty": 0.001, "price": 65000, "equity": 100000.0, "cash": 92785.0}
{"time": "2026-05-27T09:57:10.620494", "symbol": "BTCUSDT", "side": "BUY", "qty": 0.001, "price": 65000, "equity": 100000.0, "cash": 96685.0}
{"time": "2026-05-27T09:57:12.361045", "symbol": "BTCUSDT", "side": "BUY", "qty": 0.001, "price": 65000, "equity": 100000.0, "cash": 92720.0}
{"time": "2026-05-27T09:57:15.622325", "symbol": "BTCUSDT", "side": "BUY", "qty": 0.001, "price": 65000, "equity": 100000.0, "cash": 96620.0}
{"time": "2026-05-27T09:57:17.366317", "symbol": "BTCUSDT", "side": "BUY", "qty": 0.001, "price": 65000, "equity": 100000.0, "cash": 92655.0}
{"time": "2026-05-27T09:57:20.626381", "symbol": "BTCUSDT", "side": "BUY", "qty": 0.001, "price": 65000, "equity": 100000.0, "cash": 96555.0}
{"time": "2026-05-27T09:57:22.371586", "symbol": "BTCUSDT", "side": "BUY", "qty": 0.001, "price": 65000, "equity": 100000.0, "cash": 92590.0}
{"time": "2026-05-27T09:57:25.627689", "symbol": "BTCUSDT", "side": "BUY", "qty": 0.001, "price": 65000, "equity": 100000.0, "cash": 96490.0}
{"time": "2026-05-27T09:57:27.376853", "symbol": "BTCUSDT", "side": "BUY", "qty": 0.001, "price": 65000, "equity": 100000.0, "cash": 92525.0}
{"time": "2026-05-27T09:57:30.632143", "symbol": "BTCUSDT", "side": "BUY", "qty": 0.001, "price": 65000, "equity": 100000.0, "cash": 96425.0}
{"time": "2026-05-27T09:57:32.379786", "symbol": "BTCUSDT", "side": "BUY", "qty": 0.001, "price": 65000, "equity": 100000.0, "cash": 92460.0}
{"time": "2026-05-27T09:57:35.634735", "symbol": "BTCUSDT", "side": "BUY", "qty": 0.001, "price": 65000, "equity": 100000.0, "cash": 96360.0}
{"time": "2026-05-27T09:57:37.385055", "symbol": "BTCUSDT", "side": "BUY", "qty": 0.001, "price": 65000, "equity": 100000.0, "cash": 92395.0}
{"time": "2026-05-27T09:57:40.636180", "symbol": "BTCUSDT", "side": "BUY", "qty": 0.001, "price": 65000, "equity": 100000.0, "cash": 96295.0}
{"time": "2026-05-27T09:57:42.389781", "symbol": "BTCUSDT", "side": "BUY", "qty": 0.001, "price": 65000, "equity": 100000.0, "cash": 92330.0}
{"time": "2026-05-27T09:57:45.639567", "symbol": "BTCUSDT", "side": "BUY", "qty": 0.001, "price": 65000, "equity": 100000.0, "cash": 96230.0}
{"time": "2026-05-27T09:57:47.395055", "symbol": "BTCUSDT", "side": "BUY", "qty": 0.001, "price": 65000, "equity": 100000.0, "cash": 92265.0}
{"time": "2026-05-27T09:57:50.642823", "symbol": "BTCUSDT", "side": "BUY", "qty": 0.001, "price": 65000, "equity": 100000.0, "cash": 96165.0}
{"time": "2026-05-27T09:57:52.399782", "symbol": "BTCUSDT", "side": "BUY", "qty": 0.001, "price": 65000, "equity": 100000.0, "cash": 92200.0}
{"time": "2026-05-27T09:57:55.646795", "symbol": "BTCUSDT", "side": "BUY", "qty": 0.001, "price": 65000, "equity": 100000.0, "cash": 96100.0}
{"time": "2026-05-27T09:57:57.405068", "symbol": "BTCUSDT", "side": "BUY", "qty": 0.001, "price": 65000, "equity": 100000.0, "cash": 92135.0}
{"time": "2026-05-27T09:58:00.650421", "symbol": "BTCUSDT", "side": "BUY", "qty": 0.001, "price": 65000, "equity": 100000.0, "cash": 96035.0}
{"time": "2026-05-27T09:58:02.413998", "symbol": "BTCUSDT", "side": "BUY", "qty": 0.001, "price": 65000, "equity": 100000.0, "cash": 92070.0}
{"time": "2026-05-27T09:58:05.653283", "symbol": "BTCUSDT", "side": "BUY", "qty": 0.001, "price": 65000, "equity": 100000.0, "cash": 95970.0}
{"time": "2026-05-27T09:58:07.419261", "symbol": "BTCUSDT", "side": "BUY", "qty": 0.001, "price": 65000, "equity": 100000.0, "cash": 92005.0}
{"time": "2026-05-27T09:58:10.658537", "symbol": "BTCUSDT", "side": "BUY", "qty": 0.001, "price": 65000, "equity": 100000.0, "cash": 95905.0}
{"time": "2026-05-27T09:58:12.424587", "symbol": "BTCUSDT", "side": "BUY", "qty": 0.001, "price": 65000, "equity": 100000.0, "cash": 91940.0}
{"time": "2026-05-27T09:58:15.659773", "symbol": "BTCUSDT", "side": "BUY", "qty": 0.001, "price": 65000, "equity": 100000.0, "cash": 95840.0}
{"time": "2026-05-27T09:58:17.429826", "symbol": "BTCUSDT", "side": "BUY", "qty": 0.001, "price": 65000, "equity": 100000.0, "cash": 91875.0}
{"time": "2026-05-27T09:58:20.661558", "symbol": "BTCUSDT", "side": "BUY", "qty": 0.001, "price": 65000, "equity": 100000.0, "cash": 95775.0}
{"time": "2026-05-27T09:58:22.435088", "symbol": "BTCUSDT", "side": "BUY", "qty": 0.001, "price": 65000, "equity": 100000.0, "cash": 91810.0}
{"time": "2026-05-27T09:58:25.666801", "symbol": "BTCUSDT", "side": "BUY", "qty": 0.001, "price": 65000, "equity": 100000.0, "cash": 95710.0}
{"time": "2026-05-27T09:58:27.439813", "symbol": "BTCUSDT", "side": "BUY", "qty": 0.001, "price": 65000, "equity": 100000.0, "cash": 91745.0}
{"time": "2026-05-27T09:58:30.669786", "symbol": "BTCUSDT", "side": "BUY", "qty": 0.001, "price": 65000, "equity": 100000.0, "cash": 95645.0}
{"time": "2026-05-27T09:58:32.445142", "symbol": "BTCUSDT", "side": "BUY", "qty": 0.001, "price": 65000, "equity": 100000.0, "cash": 91680.0}
{"time": "2026-05-27T09:58:35.673714", "symbol": "BTCUSDT", "side": "BUY", "qty": 0.001, "price": 65000, "equity": 100000.0, "cash": 95580.0}
{"time": "2026-05-27T09:58:37.450428", "symbol": "BTCUSDT", "side": "BUY", "qty": 0.001, "price": 65000, "equity": 100000.0, "cash": 91615.0}
{"time": "2026-05-27T09:58:40.677335", "symbol": "BTCUSDT", "side": "BUY", "qty": 0.001, "price": 65000, "equity": 100000.0, "cash": 95515.0}
{"time": "2026-05-27T09:58:42.455773", "symbol": "BTCUSDT", "side": "BUY", "qty": 0.001, "price": 65000, "equity": 100000.0, "cash": 91550.0}
{"time": "2026-05-27T09:58:45.680146", "symbol": "BTCUSDT", "side": "BUY", "qty": 0.001, "price": 65000, "equity": 100000.0, "cash": 95450.0}
{"time": "2026-05-27T09:58:47.461041", "symbol": "BTCUSDT", "side": "BUY", "qty": 0.001, "price": 65000, "equity": 100000.0, "cash": 91485.0}
{"time": "2026-05-27T09:58:50.683255", "symbol": "BTCUSDT", "side": "BUY", "qty": 0.001, "price": 65000, "equity": 100000.0, "cash": 95385.0}
{"time": "2026-05-27T09:58:52.466304", "symbol": "BTCUSDT", "side": "BUY", "qty": 0.001, "price": 65000, "equity": 100000.0, "cash": 91420.0}
{"time": "2026-05-27T09:58:55.686727", "symbol": "BTCUSDT", "side": "BUY", "qty": 0.001, "price": 65000, "equity": 100000.0, "cash": 95320.0}
{"time": "2026-05-27T09:58:57.469770", "symbol": "BTCUSDT", "side": "BUY", "qty": 0.001, "price": 65000, "equity": 100000.0, "cash": 91355.0}
{"time": "2026-05-27T09:59:00.690161", "symbol": "BTCUSDT", "side": "BUY", "qty": 0.001, "price": 65000, "equity": 100000.0, "cash": 95255.0}
{"time": "2026-05-27T09:59:02.472649", "symbol": "BTCUSDT", "side": "BUY", "qty": 0.001, "price": 65000, "equity": 100000.0, "cash": 91290.0}
{"time": "2026-05-27T09:59:05.695446", "symbol": "BTCUSDT", "side": "BUY", "qty": 0.001, "price": 65000, "equity": 100000.0, "cash": 95190.0}
{"time": "2026-05-27T09:59:07.477992", "symbol": "BTCUSDT", "side": "BUY", "qty": 0.001, "price": 65000, "equity": 100000.0, "cash": 91225.0}
{"time": "2026-05-27T09:59:10.698430", "symbol": "BTCUSDT", "side": "BUY", "qty": 0.001, "price": 65000, "equity": 100000.0, "cash": 95125.0}
{"time": "2026-05-27T09:59:12.479776", "symbol": "BTCUSDT", "side": "BUY", "qty": 0.001, "price": 65000, "equity": 100000.0, "cash": 91160.0}
{"time": "2026-05-27T09:59:15.699793", "symbol": "BTCUSDT", "side": "BUY", "qty": 0.001, "price": 65000, "equity": 100000.0, "cash": 95060.0}
{"time": "2026-05-27T09:59:17.485054", "symbol": "BTCUSDT", "side": "BUY", "qty": 0.001, "price": 65000, "equity": 100000.0, "cash": 91095.0}
{"time": "2026-05-27T09:59:20.705027", "symbol": "BTCUSDT", "side": "BUY", "qty": 0.001, "price": 65000, "equity": 100000.0, "cash": 94995.0}
{"time": "2026-05-27T09:59:22.490339", "symbol": "BTCUSDT", "side": "BUY", "qty": 0.001, "price": 65000, "equity": 100000.0, "cash": 91030.0}
{"time": "2026-05-27T09:59:25.709762", "symbol": "BTCUSDT", "side": "BUY", "qty": 0.001, "price": 65000, "equity": 100000.0, "cash": 94930.0}
{"time": "2026-05-27T09:59:27.495604", "symbol": "BTCUSDT", "side": "BUY", "qty": 0.001, "price": 65000, "equity": 100000.0, "cash": 90965.0}
{"time": "2026-05-27T09:59:30.711862", "symbol": "BTCUSDT", "side": "BUY", "qty": 0.001, "price": 65000, "equity": 100000.0, "cash": 94865.0}
{"time": "2026-05-27T09:59:32.500892", "symbol": "BTCUSDT", "side": "BUY", "qty": 0.001, "price": 65000, "equity": 100000.0, "cash": 90900.0}
{"time": "2026-05-27T09:59:35.717151", "symbol": "BTCUSDT", "side": "BUY", "qty": 0.001, "price": 65000, "equity": 100000.0, "cash": 94800.0}
{"time": "2026-05-27T09:59:37.506169", "symbol": "BTCUSDT", "side": "BUY", "qty": 0.001, "price": 65000, "equity": 100000.0, "cash": 90835.0}
{"time": "2026-05-27T09:59:40.719843", "symbol": "BTCUSDT", "side": "BUY", "qty": 0.001, "price": 65000, "equity": 100000.0, "cash": 94735.0}
{"time": "2026-05-27T09:59:42.511436", "symbol": "BTCUSDT", "side": "BUY", "qty": 0.001, "price": 65000, "equity": 100000.0, "cash": 90770.0}
{"time": "2026-05-27T09:59:45.722101", "symbol": "BTCUSDT", "side": "BUY", "qty": 0.001, "price": 65000, "equity": 100000.0, "cash": 94670.0}
{"time": "2026-05-27T09:59:47.516699", "symbol": "BTCUSDT", "side": "BUY", "qty": 0.001, "price": 65000, "equity": 100000.0, "cash": 90705.0}
{"time": "2026-05-27T09:59:50.723894", "symbol": "BTCUSDT", "side": "BUY", "qty": 0.001, "price": 65000, "equity": 100000.0, "cash": 94605.0}
{"time": "2026-05-27T09:59:52.519788", "symbol": "BTCUSDT", "side": "BUY", "qty": 0.001, "price": 65000, "equity": 100000.0, "cash": 90640.0}
{"time": "2026-05-27T09:59:55.727161", "symbol": "BTCUSDT", "side": "BUY", "qty": 0.001, "price": 65000, "equity": 100000.0, "cash": 94540.0}
{"time": "2026-05-27T09:59:57.525069", "symbol": "BTCUSDT", "side": "BUY", "qty": 0.001, "price": 65000, "equity": 100000.0, "cash": 90575.0}
{"time": "2026-05-27T10:00:00.731754", "symbol": "BTCUSDT", "side": "BUY", "qty": 0.001, "price": 65000, "equity": 100000.0, "cash": 94475.0}
{"time": "2026-05-27T10:00:02.530356", "symbol": "BTCUSDT", "side": "BUY", "qty": 0.001, "price": 65000, "equity": 100000.0, "cash": 90510.0}
{"time": "2026-05-27T10:00:05.736695", "symbol": "BTCUSDT", "side": "BUY", "qty": 0.001, "price": 65000, "equity": 100000.0, "cash": 94410.0}
{"time": "2026-05-27T10:00:07.535807", "symbol": "BTCUSDT", "side": "BUY", "qty": 0.001, "price": 65000, "equity": 100000.0, "cash": 90445.0}
{"time": "2026-05-27T10:00:10.740271", "symbol": "BTCUSDT", "side": "BUY", "qty": 0.001, "price": 65000, "equity": 100000.0, "cash": 94345.0}
{"time": "2026-05-27T10:00:12.539819", "symbol": "BTCUSDT", "side": "BUY", "qty": 0.001, "price": 65000, "equity": 100000.0, "cash": 90380.0}
{"time": "2026-05-27T10:00:15.745582", "symbol": "BTCUSDT", "side": "BUY", "qty": 0.001, "price": 65000, "equity": 100000.0, "cash": 94280.0}
{"time": "2026-05-27T10:00:17.545092", "symbol": "BTCUSDT", "side": "BUY", "qty": 0.001, "price": 65000, "equity": 100000.0, "cash": 90315.0}
{"time": "2026-05-27T10:00:20.749778", "symbol": "BTCUSDT", "side": "BUY", "qty": 0.001, "price": 65000, "equity": 100000.0, "cash": 94215.0}
{"time": "2026-05-27T10:00:22.549766", "symbol": "BTCUSDT", "side": "BUY", "qty": 0.001, "price": 65000, "equity": 100000.0, "cash": 90250.0}
{"time": "2026-05-27T10:00:25.750997", "symbol": "BTCUSDT", "side": "BUY", "qty": 0.001, "price": 65000, "equity": 100000.0, "cash": 94150.0}
{"time": "2026-05-27T10:00:27.555044", "symbol": "BTCUSDT", "side": "BUY", "qty": 0.001, "price": 65000, "equity": 100000.0, "cash": 90185.0}
{"time": "2026-05-27T10:00:30.754661", "symbol": "BTCUSDT", "side": "BUY", "qty": 0.001, "price": 65000, "equity": 100000.0, "cash": 94085.0}
{"time": "2026-05-27T10:00:32.560307", "symbol": "BTCUSDT", "side": "BUY", "qty": 0.001, "price": 65000, "equity": 100000.0, "cash": 90120.0}
{"time": "2026-05-27T10:00:35.759790", "symbol": "BTCUSDT", "side": "BUY", "qty": 0.001, "price": 65000, "equity": 100000.0, "cash": 94020.0}
{"time": "2026-05-27T10:00:37.565605", "symbol": "BTCUSDT", "side": "BUY", "qty": 0.001, "price": 65000, "equity": 100000.0, "cash": 90055.0}
{"time": "2026-05-27T10:00:40.760562", "symbol": "BTCUSDT", "side": "BUY", "qty": 0.001, "price": 65000, "equity": 100000.0, "cash": 93955.0}
{"time": "2026-05-27T10:00:42.569805", "symbol": "BTCUSDT", "side": "BUY", "qty": 0.001, "price": 65000, "equity": 100000.0, "cash": 89990.0}
{"time": "2026-05-27T10:00:45.763576", "symbol": "BTCUSDT", "side": "BUY", "qty": 0.001, "price": 65000, "equity": 100000.0, "cash": 93890.0}
{"time": "2026-05-27T10:00:47.575068", "symbol": "BTCUSDT", "side": "BUY", "qty": 0.001, "price": 65000, "equity": 100000.0, "cash": 89925.0}
{"time": "2026-05-27T10:00:50.768829", "symbol": "BTCUSDT", "side": "BUY", "qty": 0.001, "price": 65000, "equity": 100000.0, "cash": 93825.0}
{"time": "2026-05-27T10:00:52.579775", "symbol": "BTCUSDT", "side": "BUY", "qty": 0.001, "price": 65000, "equity": 100000.0, "cash": 89860.0}
{"time": "2026-05-27T10:00:55.769797", "symbol": "BTCUSDT", "side": "BUY", "qty": 0.001, "price": 65000, "equity": 100000.0, "cash": 93760.0}
{"time": "2026-05-27T10:00:57.585044", "symbol": "BTCUSDT", "side": "BUY", "qty": 0.001, "price": 65000, "equity": 100000.0, "cash": 89795.0}
{"time": "2026-05-27T10:01:00.773088", "symbol": "BTCUSDT", "side": "BUY", "qty": 0.001, "price": 65000, "equity": 100000.0, "cash": 93695.0}
{"time": "2026-05-27T10:01:02.589876", "symbol": "BTCUSDT", "side": "BUY", "qty": 0.001, "price": 65000, "equity": 100000.0, "cash": 89730.0}
{"time": "2026-05-27T10:01:05.775069", "symbol": "BTCUSDT", "side": "BUY", "qty": 0.001, "price": 65000, "equity": 100000.0, "cash": 93630.0}
{"time": "2026-05-27T10:01:07.594063", "symbol": "BTCUSDT", "side": "BUY", "qty": 0.001, "price": 65000, "equity": 100000.0, "cash": 89665.0}
{"time": "2026-05-27T10:01:10.776048", "symbol": "BTCUSDT", "side": "BUY", "qty": 0.001, "price": 65000, "equity": 100000.0, "cash": 93565.0}
{"time": "2026-05-27T10:01:12.597459", "symbol": "BTCUSDT", "side": "BUY", "qty": 0.001, "price": 65000, "equity": 100000.0, "cash": 89600.0}
{"time": "2026-05-27T10:01:15.780251", "symbol": "BTCUSDT", "side": "BUY", "qty": 0.001, "price": 65000, "equity": 100000.0, "cash": 93500.0}
{"time": "2026-05-27T10:01:17.599815", "symbol": "BTCUSDT", "side": "BUY", "qty": 0.001, "price": 65000, "equity": 100000.0, "cash": 89535.0}
{"time": "2026-05-27T10:01:20.785119", "symbol": "BTCUSDT", "side": "BUY", "qty": 0.001, "price": 65000, "equity": 100000.0, "cash": 93435.0}
{"time": "2026-05-27T10:01:22.603924", "symbol": "BTCUSDT", "side": "BUY", "qty": 0.001, "price": 65000, "equity": 100000.0, "cash": 89470.0}
{"time": "2026-05-27T10:01:25.789761", "symbol": "BTCUSDT", "side": "BUY", "qty": 0.001, "price": 65000, "equity": 100000.0, "cash": 93370.0}
{"time": "2026-05-27T10:01:27.606419", "symbol": "BTCUSDT", "side": "BUY", "qty": 0.001, "price": 65000, "equity": 100000.0, "cash": 89405.0}
{"time": "2026-05-27T10:01:30.791517", "symbol": "BTCUSDT", "side": "BUY", "qty": 0.001, "price": 65000, "equity": 100000.0, "cash": 93305.0}
{"time": "2026-05-27T10:01:32.609862", "symbol": "BTCUSDT", "side": "BUY", "qty": 0.001, "price": 65000, "equity": 100000.0, "cash": 89340.0}
{"time": "2026-05-27T10:01:35.793590", "symbol": "BTCUSDT", "side": "BUY", "qty": 0.001, "price": 65000, "equity": 100000.0, "cash": 93240.0}
{"time": "2026-05-27T10:01:37.612499", "symbol": "BTCUSDT", "side": "BUY", "qty": 0.001, "price": 65000, "equity": 100000.0, "cash": 89275.0}
{"time": "2026-05-27T10:01:40.795924", "symbol": "BTCUSDT", "side": "BUY", "qty": 0.001, "price": 65000, "equity": 100000.0, "cash": 93175.0}
{"time": "2026-05-27T10:01:42.616003", "symbol": "BTCUSDT", "side": "BUY", "qty": 0.001, "price": 65000, "equity": 100000.0, "cash": 89210.0}
{"time": "2026-05-27T10:01:45.800100", "symbol": "BTCUSDT", "side": "BUY", "qty": 0.001, "price": 65000, "equity": 100000.0, "cash": 93110.0}
{"time": "2026-05-27T10:01:47.619760", "symbol": "BTCUSDT", "side": "BUY", "qty": 0.001, "price": 65000, "equity": 100000.0, "cash": 89145.0}
{"time": "2026-05-27T10:01:50.801981", "symbol": "BTCUSDT", "side": "BUY", "qty": 0.001, "price": 65000, "equity": 100000.0, "cash": 93045.0}
{"time": "2026-05-27T10:01:52.625040", "symbol": "BTCUSDT", "side": "BUY", "qty": 0.001, "price": 65000, "equity": 100000.0, "cash": 89080.0}
{"time": "2026-05-27T10:01:55.804960", "symbol": "BTCUSDT", "side": "BUY", "qty": 0.001, "price": 65000, "equity": 100000.0, "cash": 92980.0}
{"time": "2026-05-27T10:01:57.629777", "symbol": "BTCUSDT", "side": "BUY", "qty": 0.001, "price": 65000, "equity": 100000.0, "cash": 89015.0}
{"time": "2026-05-27T10:02:00.809774", "symbol": "BTCUSDT", "side": "BUY", "qty": 0.001, "price": 65000, "equity": 100000.0, "cash": 92915.0}
{"time": "2026-05-27T10:02:02.631377", "symbol": "BTCUSDT", "side": "BUY", "qty": 0.001, "price": 65000, "equity": 100000.0, "cash": 88950.0}
{"time": "2026-05-27T10:02:05.810080", "symbol": "BTCUSDT", "side": "BUY", "qty": 0.001, "price": 65000, "equity": 100000.0, "cash": 92850.0}
{"time": "2026-05-27T10:02:07.636643", "symbol": "BTCUSDT", "side": "BUY", "qty": 0.001, "price": 65000, "equity": 100000.0, "cash": 88885.0}
{"time": "2026-05-27T10:02:10.815431", "symbol": "BTCUSDT", "side": "BUY", "qty": 0.001, "price": 65000, "equity": 100000.0, "cash": 92785.0}
{"time": "2026-05-27T10:02:12.639801", "symbol": "BTCUSDT", "side": "BUY", "qty": 0.001, "price": 65000, "equity": 100000.0, "cash": 88820.0}
{"time": "2026-05-27T10:02:15.819797", "symbol": "BTCUSDT", "side": "BUY", "qty": 0.001, "price": 65000, "equity": 100000.0, "cash": 92720.0}
{"time": "2026-05-27T10:02:17.644738", "symbol": "BTCUSDT", "side": "BUY", "qty": 0.001, "price": 65000, "equity": 100000.0, "cash": 88755.0}
{"time": "2026-05-27T10:49:44.026042", "symbol": "BTCUSDT", "side": "SELL", "qty": 0.001, "price": 65091, "position": -0.001}
{"time": "2026-05-27T10:49:46.028357", "symbol": "BTCUSDT", "side": "SELL", "qty": 0.001, "price": 64928, "position": -0.002}
{"time": "2026-05-27T10:49:48.029810", "symbol": "BTCUSDT", "side": "BUY", "qty": 0.001, "price": 64913, "position": -0.001}
{"time": "2026-05-27T10:49:52.034206", "symbol": "BTCUSDT", "side": "SELL", "qty": 0.001, "price": 65069, "position": -0.002}
{"time": "2026-05-27T10:49:54.036512", "symbol": "BTCUSDT", "side": "BUY", "qty": 0.001, "price": 65012, "position": -0.001}
{"time": "2026-05-27T10:49:56.038788", "symbol": "BTCUSDT", "side": "BUY", "qty": 0.001, "price": 64945, "position": 0.0}
{"time": "2026-05-27T10:49:58.041065", "symbol": "BTCUSDT", "side": "BUY", "qty": 0.001, "price": 64968, "position": 0.001}
{"time": "2026-05-27T10:50:04.047680", "symbol": "BTCUSDT", "side": "SELL", "qty": 0.001, "price": 64914, "position": 0.0}
{"time": "2026-05-27T10:50:06.050024", "symbol": "BTCUSDT", "side": "SELL", "qty": 0.001, "price": 64916, "position": -0.001}
{"time": "2026-05-27T10:50:08.052310", "symbol": "BTCUSDT", "side": "SELL", "qty": 0.001, "price": 64963, "position": -0.002}
{"time": "2026-05-27T10:50:10.054648", "symbol": "BTCUSDT", "side": "BUY", "qty": 0.001, "price": 64931, "position": -0.001}
{"time": "2026-05-27T10:50:12.056952", "symbol": "BTCUSDT", "side": "SELL", "qty": 0.001, "price": 64964, "position": -0.002}
{"time": "2026-05-27T10:50:14.059259", "symbol": "BTCUSDT", "side": "BUY", "qty": 0.001, "price": 65060, "position": -0.001}
{"time": "2026-05-27T10:50:22.066072", "symbol": "BTCUSDT", "side": "BUY", "qty": 0.001, "price": 64943, "position": 0.0}
{"time": "2026-05-27T10:50:24.068376", "symbol": "BTCUSDT", "side": "BUY", "qty": 0.001, "price": 65086, "position": 0.001}
{"time": "2026-05-27T10:50:26.070239", "symbol": "BTCUSDT", "side": "BUY", "qty": 0.001, "price": 65030, "position": 0.002}
{"time": "2026-05-27T10:50:28.072521", "symbol": "BTCUSDT", "side": "SELL", "qty": 0.001, "price": 65076, "position": 0.001}
{"time": "2026-05-27T10:50:32.076944", "symbol": "BTCUSDT", "side": "BUY", "qty": 0.001, "price": 65058, "position": 0.002}
{"time": "2026-05-27T10:50:34.079258", "symbol": "BTCUSDT", "side": "BUY", "qty": 0.001, "price": 65057, "position": 0.003}
{"time": "2026-05-27T10:50:36.081564", "symbol": "BTCUSDT", "side": "BUY", "qty": 0.001, "price": 64994, "position": 0.004}
{"time": "2026-05-27T10:50:40.085925", "symbol": "BTCUSDT", "side": "BUY", "qty": 0.001, "price": 64946, "position": 0.005}
{"time": "2026-05-27T10:50:42.088225", "symbol": "BTCUSDT", "side": "BUY", "qty": 0.001, "price": 64948, "position": 0.006}
{"time": "2026-05-27T10:50:44.089803", "symbol": "BTCUSDT", "side": "BUY", "qty": 0.001, "price": 65018, "position": 0.007}
{"time": "2026-05-27T10:50:46.092097", "symbol": "BTCUSDT", "side": "SELL", "qty": 0.001, "price": 65044, "position": 0.006}
{"time": "2026-05-27T10:50:50.096485", "symbol": "BTCUSDT", "side": "SELL", "qty": 0.001, "price": 65086, "position": 0.005}
{"time": "2026-05-27T10:50:52.098780", "symbol": "BTCUSDT", "side": "SELL", "qty": 0.001, "price": 64906, "position": 0.004}
{"time": "2026-05-27T10:50:56.103147", "symbol": "BTCUSDT", "side": "BUY", "qty": 0.001, "price": 64961, "position": 0.005}
{"time": "2026-05-27T10:50:58.104520", "symbol": "BTCUSDT", "side": "BUY", "qty": 0.001, "price": 65065, "position": 0.006}
{"time": "2026-05-27T10:51:00.106859", "symbol": "BTCUSDT", "side": "BUY", "qty": 0.001, "price": 65091, "position": 0.007}
{"time": "2026-05-27T10:51:02.109182", "symbol": "BTCUSDT", "side": "BUY", "qty": 0.001, "price": 65072, "position": 0.008}
{"time": "2026-05-27T10:51:04.111809", "symbol": "BTCUSDT", "side": "SELL", "qty": 0.001, "price": 65073, "position": 0.007}
{"time": "2026-05-27T10:51:06.114147", "symbol": "BTCUSDT", "side": "BUY", "qty": 0.001, "price": 64942, "position": 0.008}
